@article{Zschech2020,
    author = {Zschech, Patrick and Sager, Christoph and Siebers, Philipp and Pertermann, Maik},
    year = {2020},
    month = {07},
    pages = {},
    title = {Mit Computer Vision zur automatisierten Qualit√§tssicherung in der industriellen Fertigung: Eine Fallstudie zur Klassifizierung von Fehlern in Solarzellen mittels Elektrolumineszenz-Bildern},
    journal = {HMD Praxis der Wirtschaftsinformatik},
    doi = {10.1365/s40702-020-00641-8}
}